%% Journal article
@article{bib1,
  author		= "Campbell, S. L. and Gear, C. W.",
  title			= "The index of general nonlinear {D}{A}{E}{S}",
  journal		= "Numer. {M}ath.",
  volume		= "72",
  number		= "2",
  pages			= "173--196",
  year			= "1995"
}

%% Journal article with DOI
@article{bib2,
  author		= "Slifka, M. K. and Whitton, J. L.",
  title			= "Clinical implications of dysregulated cytokine production",
  journal		= "J. {M}ol. {M}ed.",
  volume		= "78",
  pages			= "74--80",
  year			= "2000",
  doi			= "10.1007/s001090000086"
}




@article{campitelli2023,
	title = {Revisiting the zonally asymmetric extratropical circulation of the Southern Hemisphere spring using complex empirical orthogonal functions},
	author = {Campitelli, Elio and {Díaz}, Leandro B. and Vera, Carolina},
	year = {2023},
	month = {04},
	date = {2023-04-22},
	journal = {Climate Dynamics},
	doi = {10.1007/s00382-023-06780-0},
	url = {https://doi.org/10.1007/s00382-023-06780-0},
	langid = {en}
}

@article{horel1984,
	title = {Complex Principal Component Analysis: Theory and Examples},
	author = {Horel, J. D.},
	year = {1984},
	month = {12},
	date = {1984-12-01},
	journal = {Journal of Applied Meteorology and Climatology},
	pages = {1660--1673},
	volume = {23},
	number = {12},
	doi = {10.1175/1520-0450(1984)023<1660:CPCATA>2.0.CO;2},
	url = {https://journals.ametsoc.org/view/journals/apme/23/12/1520-0450_1984_023_1660_cpcata_2_0_co_2.xml},
	note = {Publisher: American Meteorological Society
Section: Journal of Applied Meteorology and Climatology},
	langid = {EN}
}

@article{campitelli2021,
	title = {Assessment of zonally symmetric and asymmetric components of the Southern Annular Mode using a novel approach},
	author = {Campitelli, Elio and {Díaz}, Leandro B. and Vera, Carolina},
	year = {2021},
	month = {08},
	date = {2021-08-09},
	journal = {Climate Dynamics},
	pages = {161--178},
	volume = {58},
	number = {1-2},
	doi = {10.1007/s00382-021-05896-5},
	url = {http://dx.doi.org/10.1007/s00382-021-05896-5},
	langid = {en}
}
